@inproceedings{dechand2016empirical,
  title={An empirical study of textual key-fingerprint representations},
  author={Dechand, Sergej and Sch{\"u}rmann, Dominik and Busse, Karoline and Acar, Yasemin and Fahl, Sascha and Smith, Matthew},
  booktitle={25th $\{$USENIX$\}$ Security Symposium ($\{$USENIX$\}$ Security 16)},
  pages={193--208},
  year={2016}
}

@inproceedings{hsiao2009study,
  title={A study of user-friendly hash comparison schemes},
  author={Hsiao, Hsu-Chun and Lin, Yue-Hsun and Studer, Ahren and Studer, Cassandra and Wang, King-Hang and Kikuchi, Hiroaki and Perrig, Adrian and Sun, Hung-Min and Yang, Bo-Yin},
  booktitle={2009 Annual Computer Security Applications Conference},
  pages={105--114},
  year={2009},
  organization={IEEE}
}

@inproceedings{perrig1999hash,
  title={Hash visualization: A new technique to improve real-world security},
  author={Perrig, Adrian and Song, Dawn},
  booktitle={International Workshop on Cryptographic Techniques and E-Commerce},
  pages={131--138},
  year={1999}
}

@article{ellison2003public,
  title={Public-key support for group collaboration},
  author={Ellison, Carl and Dohrmann, Steve},
  journal={ACM Transactions on Information and System Security (TISSEC)},
  volume={6},
  number={4},
  pages={547--565},
  year={2003},
  publisher={ACM}
}


@article{lin2010spate,
  title={SPATE: small-group PKI-less authenticated trust establishment},
  author={Lin, Yue-Hsun and Studer, Ahren and Chen, Yao-Hsin and Hsiao, Hsu-Chun and Kuo, Li-Hsiang and McCune, Jonathan M and Wang, King-Hang and Krohn, Maxwell and Perrig, Adrian and Yang, Bo-Yin and others},
  journal={IEEE Transactions on Mobile Computing},
  volume={9},
  number={12},
  pages={1666--1681},
  year={2010},
  publisher={IEEE}
}

@inproceedings{kainda2009usability,
  title={Usability and security of out-of-band channels in secure device pairing protocols},
  author={Kainda, Ronald and Flechais, Ivan and Roscoe, AW},
  booktitle={Proceedings of the 5th Symposium on Usable Privacy and Security},
  pages={11},
  year={2009},
  organization={ACM}
}

@inproceedings{sauro2005method,
  title={A method to standardize usability metrics into a single score},
  author={Sauro, Jeff and Kindlund, Erika},
  booktitle={Proceedings of the SIGCHI conference on Human factors in computing systems},
  pages={401--409},
  year={2005},
  organization={ACM}
}

@inproceedings{uzun2007usability,
  title={Usability analysis of secure pairing methods},
  author={Uzun, Ersin and Karvonen, Kristiina and Asokan, Nadarajah},
  booktitle={International Conference on Financial Cryptography and Data Security},
  pages={307--324},
  year={2007},
  organization={Springer}
}

@article{palmer1990attentional,
  title={Attentional limits on the perception and memory of visual information.},
  author={Palmer, John},
  journal={Journal of Experimental Psychology: Human Perception and Performance},
  volume={16},
  number={2},
  pages={332},
  year={1990},
  publisher={American Psychological Association}
}

@article{hammer2009category,
  title={Category learning from equivalence constraints},
  author={Hammer, Rubi and Hertz, Tomer and Hochstein, Shaul and Weinshall, Daphna},
  journal={Cognitive Processing},
  volume={10},
  number={3},
  pages={211--232},
  year={2009},
  publisher={Springer}
}

@inproceedings{tan2017can,
  title={Can unicorns help users compare crypto key fingerprints?},
  author={Tan, Joshua and Bauer, Lujo and Bonneau, Joseph and Cranor, Lorrie Faith and Thomas, Jeremy and Ur, Blase},
  booktitle={Proceedings of the 2017 CHI Conference on Human Factors in Computing Systems},
  pages={3787--3798},
  year={2017},
  organization={ACM}
}

@inproceedings{olembo2013developing,
  title={Developing and Testing a Visual Hash Scheme.},
  author={Olembo, Maina M and Kilian, Timo and Stockhardt, Simon and H{\"u}lsing, Andreas and Volkamer, Melanie},
  booktitle={EISMC},
  pages={91--100},
  year={2013}
}

@misc{loss2009drunken,
  title={The drunken bishop: An analysis of the OpenSSH fingerprint visualization algorithm},
  author={Loss, Dirk and Limmer, Tobias and von Gernler, Alexander},
  year={2009},
  publisher={Citeseer}
}

@inproceedings{karole2009improving,
  title={Improving the Robustness of Wireless Device Pairing Using Hyphen-Delimited Numeric Comparison},
  author={Karole, Ambarish and Saxena, Nitesh},
  booktitle={2009 International Conference on Network-Based Information Systems},
  pages={273--278},
  year={2009},
  organization={IEEE}
}

@inproceedings{juola1996whole,
  title={Whole-word phonetic distances and the pgpfone alphabet},
  author={Juola, Patrick},
  booktitle={Proceeding of Fourth International Conference on Spoken Language Processing. ICSLP'96},
  volume={1},
  pages={98--101},
  year={1996},
  organization={IEEE}
}

@inproceedings{goodrich2006loud,
  title={Loud and clear: Human-verifiable authentication based on audio},
  author={Goodrich, Michael T and Sirivianos, Michael and Solis, John and Tsudik, Gene and Uzun, Ersin},
  booktitle={26th IEEE International Conference on Distributed Computing Systems (ICDCS'06)},
  pages={10--10},
  year={2006},
  organization={IEEE}
}

@article{haller1995s,
  title={The S/KEY one-time password system},
  author={Haller, Neil},
  year={1995}
}

@article{rieck2002fuzzy,
  title={Fuzzy Fingerprints Attacking Vulnerabilities in the Human Brain},
  author={Rieck, Konrad},
  journal={Online publication at http://freeworld. thc. org/papers/ffp. pdf},
  year={2002}
}

@inproceedings{shirvanian2014wiretapping,
  title={Wiretapping via mimicry: Short voice imitation man-in-the-middle attacks on crypto phones},
  author={Shirvanian, Maliheh and Saxena, Nitesh},
  booktitle={Proceedings of the 2014 ACM SIGSAC Conference on Computer and Communications Security},
  pages={868--879},
  year={2014},
  organization={ACM}
}

@inproceedings{shirvanian2017pitfalls,
  title={On the Pitfalls of End-to-End Encrypted Communications: A Study of Remote Key-Fingerprint Verification},
  author={Shirvanian, Maliheh and Saxena, Nitesh and George, Jesvin James},
  booktitle={Proceedings of the 33rd Annual Computer Security Applications Conference},
  pages={499--511},
  year={2017},
  organization={ACM}
}

@inproceedings{mukhopadhyay2015all,
  title={All your voices are belong to us: Stealing voices to fool humans and machines},
  author={Mukhopadhyay, Dibya and Shirvanian, Maliheh and Saxena, Nitesh},
  booktitle={European Symposium on Research in Computer Security},
  pages={599--621},
  year={2015},
  organization={Springer}
}

@inproceedings{chen2017you,
  title={You can hear but you cannot steal: Defending against voice impersonation attacks on smartphones},
  author={Chen, Si and Ren, Kui and Piao, Sixu and Wang, Cong and Wang, Qian and Weng, Jian and Su, Lu and Mohaisen, Aziz},
  booktitle={2017 IEEE 37th International Conference on Distributed Computing Systems (ICDCS)},
  pages={183--195},
  year={2017},
  organization={IEEE}
}

@article{wu2015spoofing,
  title={Spoofing and countermeasures for speaker verification: A survey},
  author={Wu, Zhizheng and Evans, Nicholas and Kinnunen, Tomi and Yamagishi, Junichi and Alegre, Federico and Li, Haizhou},
  journal={speech communication},
  volume={66},
  pages={130--153},
  year={2015},
  publisher={Elsevier}
}

@article{blum1982coin,
  title={Coin flipping by telephone},
  author={Blum, Manuel},
  journal={Proc. of COMPCON, IEEE, 1982},
  year={1982}
}