@inproceedings{dechand2016empirical,
  title={An empirical study of textual key-fingerprint representations},
  author={Dechand, Sergej and Sch{\"u}rmann, Dominik and Busse, Karoline and Acar, Yasemin and Fahl, Sascha and Smith, Matthew},
  booktitle={25th $\{$USENIX$\}$ Security Symposium ($\{$USENIX$\}$ Security 16)},
  pages={193--208},
  year={2016}
}